@misc{web:FlavorsOfCacao,
  author = {FlavorsOfCacao},
  title = {Flavors of cacao},
  year = {},
  note = {Last accessed 22 May 2022},
  url = {http://flavorsofcacao.com/index.html}
}

@misc{web:AboutGoogleColab,
  author = {GoogleColab},
  title = {About Google Colab},
  year = {},
  note = {Last accessed 22 May 2022},
  url = {https://colab.research.google.com}
}

@misc{web:AboutKeras,
  author = {Keras},
  title = {About Keras},
  year = {},
  note = {Last accessed 22 May 2022},
  url = {https://keras.io}
}

@misc{web:KaggleAPI,
  author = {Kaggle},
  title = {Kaggle API},
  year = {},
  note = {Last accessed 22 May 2022},
  url = {https://www.kaggle.com/docs/api}
}

@article{jie2019one,
  title={One-hot encoding and convolutional neural network based anomaly detection},
  author={Jie, Liang and Jiahao, CHEN and Xueqin, Zhang and Yue, ZHOU and Jiajun, LIN},
  journal={Journal of Tsinghua University (Science and Technology)},
  volume={59},
  number={7},
  pages={523--529},
  year={2019}
}

@article{rodriguez2009sensitivity,
  title={Sensitivity analysis of k-fold cross validation in prediction error estimation},
  author={Rodriguez, Juan D and Perez, Aritz and Lozano, Jose A},
  journal={IEEE transactions on pattern analysis and machine intelligence},
  volume={32},
  number={3},
  pages={569--575},
  year={2009},
  publisher={IEEE}
}

@article{visa2011confusion,
  title={Confusion matrix-based feature selection.},
  author={Visa, Sofia and Ramsay, Brian and Ralescu, Anca L and Van Der Knaap, Esther},
  journal={MAICS},
  volume={710},
  pages={120--127},
  year={2011}
}

@misc{web:FlavorsOfCacaoDataset,
  author = {FlavorsOfCacaoKaggle},
  title = {Flavors of cacao Dataset},
  year = {},
  note = {Last accessed 22 May 2022},
  url = {https://www.kaggle.com/datasets/rtatman/chocolate-bar-ratings?datasetId=1919&sortBy=voteCount&searchQuery=neural}
}
